<?xml version="1.0" encoding="UTF-8"?><collection xmlns="http://www.loc.gov/MARC21/slim"><record><leader>00417nam--2200133-i-4500</leader><controlfield tag="001">000039805</controlfield><controlfield tag="002">20161230</controlfield><controlfield tag="005">20161230201042</controlfield><controlfield tag="008">060222s1000------------r-----000-0-eng-d</controlfield><datafield ind1=" " ind2=" " tag="100"><subfield code="a">Rothman, H</subfield></datafield><datafield ind1=" " ind2=" " tag="245"><subfield code="a">Coloana pozitiva a descarcarii in amestec de neon si mercur la curent de descarcare mic</subfield></datafield><datafield ind1=" " ind2=" " tag="260"><subfield code="a">Bucuresti, Acad.Rpr, 1958, P.53-73</subfield></datafield><datafield ind1=" " ind2=" " tag="490"><subfield code="a">Extras Din Studii Si Cercetari De Fizica, 1/1958</subfield></datafield><datafield ind1=" " ind2=" " tag="852"><subfield code="a">4855</subfield></datafield></record></collection>